<?xml version="1.0" encoding="UTF-8"?><collection xmlns="http://www.loc.gov/MARC21/slim"><record><leader>00437nam--2200169-u-4500</leader><controlfield tag="001">000056024</controlfield><controlfield tag="002">20161230</controlfield><controlfield tag="005">20161230201052</controlfield><controlfield tag="008">141203s1000------------r-----000-0-eng-d</controlfield><datafield ind1=" " ind2=" " tag="040"><subfield code="a">IFIN-HH</subfield></datafield><datafield ind1=" " ind2=" " tag="080"><subfield code="a">523.31-852</subfield></datafield><datafield ind1="1" ind2=" " tag="100"><subfield code="a">Ratcliffe, J.A</subfield></datafield><datafield ind1="1" ind2="0" tag="245"><subfield code="a">Physics of the upper atmosphere</subfield><subfield code="c">J.a. ratcliffe (ed.)</subfield></datafield><datafield ind1=" " ind2=" " tag="260"><subfield code="a">New York</subfield><subfield code="b">Academic Press</subfield><subfield code="c">1960</subfield></datafield><datafield ind1=" " ind2=" " tag="300"><subfield code="a">XI+586P</subfield></datafield><datafield ind1=" " ind2=" " tag="852"><subfield code="a">47471</subfield><subfield code="c">523</subfield></datafield><datafield ind1=" " ind2=" " tag="CAT"><subfield code="a">Sys</subfield><subfield code="c">20141203</subfield><subfield code="h">134335</subfield></datafield></record></collection>